
@Article{rpcapaper,
  author = 	 {Emmanuel J. Cand\`es, Xiaodong Li, Yi Ma and John Wright},
  title = 	 {Robust Principal Component Analysis?},
  journal = 	 {Journal of ACM},
  year = 	 2011,
  volume =	 58,
  number =	 1,
  pages =	 {1--37}
}

@Article{almpaper,
   author = {{Lin}, Z. and {Chen}, M. and {Ma}, Y.},
    title = "{The Augmented Lagrange Multiplier Method for Exact Recovery of Corrupted Low-Rank Matrices}",
  journal = {ArXiv e-prints},
archivePrefix = "arXiv",
   eprint = {1009.5055},
 primaryClass = "math.OC",
 keywords = {Mathematics - Optimization and Control, Computer Science - Numerical Analysis, Computer Science - Systems and Control},
     year = 2010,
    month = sep,
   adsurl = {http://adsabs.harvard.edu/abs/2010arXiv1009.5055L},
  adsnote = {Provided by the SAO/NASA Astrophysics Data System}
}

@Article{rpcaalgo,
  author = {Xiaoming Yuan and Junfeng Yang},
  title = {Sparse and low-rank matrix decomposition via alternating direction methods},
  institution = {},
  year = {2009}
}

@article{exactpaper,
 author = {Emmanuel J. Cand\`es and Benjamin Recht},
 title = {Exact Matrix Completion via Convex Optimization},
 journal = {Found. Comput. Math.},
 issue_date = {December 2009},
 volume = {9},
 number = {6},
 month = dec,
 year = {2009},
 issn = {1615-3375},
 pages = {717--772},
 numpages = {56},
 url = {http://dx.doi.org/10.1007/s10208-009-9045-5},
 doi = {10.1007/s10208-009-9045-5},
 acmid = {1666899},
 publisher = {Springer-Verlag New York, Inc.},
 address = {Secaucus, NJ, USA},
 keywords = {15A52, 90C59},
}
